@article{ATLAS:2022ihe,
    author = "Aad, Georges and others",
    collaboration = "ATLAS",
    title = "{Search for supersymmetry in final states with missing transverse momentum and three or more b-jets in 139 fb$^{-1}$ of proton\textendash{}proton collisions at $\sqrt{s} = 13$~TeV with the ATLAS detector}",
    eprint = "2211.08028",
    archivePrefix = "arXiv",
    primaryClass = "hep-ex",
    reportNumber = "CERN-EP-2022-213",
    doi = "10.1140/epjc/s10052-023-11543-6",
    journal = "Eur. Phys. J. C",
    volume = "83",
    number = "7",
    pages = "561",
    year = "2023"
}

@article{Finke:2022lsu,
    author = {Finke, Thorben and Kr\"amer, Michael and Lipp, Maximilian and M\"uck, Alexander},
    title = "{Boosting mono-jet searches with model-agnostic machine learning}",
    eprint = "2204.11889",
    archivePrefix = "arXiv",
    primaryClass = "hep-ph",
    reportNumber = "P3H-22-043, TTK-22-16",
    doi = "10.1007/JHEP08(2022)015",
    journal = "JHEP",
    volume = "08",
    pages = "015",
    year = "2022"
}

@article{Choudhury:2023eje,
    author = "Choudhury, Arghya and Mondal, Arpita and Mondal, Subhadeep and Sarkar, Subhadeep",
    title = "{Improving sensitivity of trilinear RPV SUSY searches using machine learning at the LHC}",
    eprint = "2308.02697",
    archivePrefix = "arXiv",
    primaryClass = "hep-ph",
    month = "8",
    year = "2023"
}

@article{CMS:2023ktc,
    author = "Tumasyan, Armen and others",
    collaboration = "CMS",
    title = "{Search for top squarks in the four-body decay mode with single lepton final states in proton-proton collisions at $ \sqrt{s} $ = 13 TeV}",
    eprint = "2301.08096",
    archivePrefix = "arXiv",
    primaryClass = "hep-ex",
    reportNumber = "CMS-SUS-21-003, CERN-EP-2022-254",
    doi = "10.1007/JHEP06(2023)060",
    journal = "JHEP",
    volume = "06",
    pages = "060",
    year = "2023"
}

@techreport{CMS-PAS-SUS-21-006,
      collaboration = "CMS",
      title         = "{Search for supersymmetry in final states with
                       disappearing tracks in
  proton-proton collisions at
                       $13~\mathrm{TeV}$}",
      institution   = "CERN",
      reportNumber  = "CMS-PAS-SUS-21-006",
      address       = "Geneva",
      year          = "2023",
      url           = "http://cds.cern.ch/record/2859611",
}

@article{Andreassen:2020nkr,
    author = "Andreassen, Anders and Nachman, Benjamin and Shih, David",
    title = "{Simulation Assisted Likelihood-free Anomaly Detection}",
    eprint = "2001.05001",
    archivePrefix = "arXiv",
    primaryClass = "hep-ph",
    doi = "10.1103/PhysRevD.101.095004",
    journal = "Phys. Rev. D",
    volume = "101",
    number = "9",
    pages = "095004",
    year = "2020"
}

@article{Bhattiprolu_2021,
	doi = {10.1140/epjc/s10052-020-08819-6},
  
	url = {https://doi.org/10.1140%2Fepjc%2Fs10052-020-08819-6},
  
	year = 2021,
	month = {feb},
  
	publisher = {Springer Science and Business Media {LLC}
},
  
	volume = {81},
  
	number = {2},
  
	author = {Prudhvi N. Bhattiprolu and Stephen P. Martin and James D. Wells},
  
	title = {Criteria for projected discovery and exclusion sensitivities of counting experiments},
  
	journal = {The European Physical Journal C}
}


@article{Amram_2021,
	doi = {10.1007/jhep01(2021)153},
  
	url = {https://doi.org/10.1007%2Fjhep01%282021%29153},
  
	year = 2021,
	month = {jan},
  
	publisher = {Springer Science and Business Media {LLC}
},
  
	volume = {2021},
  
	number = {1},
  
	author = {Oz Amram and Cristina Mantilla Suarez},
  
	title = {Tag N' Train: a technique to train improved classifiers on unlabeled data},
  
	journal = {Journal of High Energy Physics}
}


@article{sengupta2023curtains,
    author = "Sengupta, Debajyoti and Klein, Samuel and Raine, John Andrew and Golling, Tobias",
    title = "{CURTAINs Flows For Flows: Constructing Unobserved Regions with Maximum Likelihood Estimation}",
    eprint = "2305.04646",
    archivePrefix = "arXiv",
    primaryClass = "hep-ph",
    month = "5",
    year = "2023"
}


@article{Chen:2022suv,
    author = "Chen, Mayee F. and Nachman, Benjamin and Sala, Frederic",
    title = "{Resonant Anomaly Detection with Multiple Reference Datasets}",
    eprint = "2212.10579",
    archivePrefix = "arXiv",
    primaryClass = "hep-ph",
    month = "12",
    year = "2022"
}

@inproceedings{Stein:2020rou,
    author = "Stein, George and Seljak, Uros and Dai, Biwei",
    title = "{Unsupervised in-distribution anomaly detection of new physics through conditional density estimation}",
    booktitle = "{34th Conference on Neural Information Processing Systems}",
    eprint = "2012.11638",
    archivePrefix = "arXiv",
    primaryClass = "cs.LG",
    month = "12",
    year = "2020"
}


@article{Kamenik:2022qxs,
    author = "Kamenik, Jernej F. and Szewc, Manuel",
    title = "{Null hypothesis test for anomaly detection}",
    eprint = "2210.02226",
    archivePrefix = "arXiv",
    primaryClass = "hep-ph",
    doi = "10.1016/j.physletb.2023.137836",
    journal = "Phys. Lett. B",
    volume = "840",
    pages = "137836",
    year = "2023"
}

@article{Karagiorgi:2021ngt,
    author = "Karagiorgi, Georgia and Kasieczka, Gregor and Kravitz, Scott and Nachman, Benjamin and Shih, David",
    title = "{Machine Learning in the Search for New Fundamental Physics}",
    eprint = "2112.03769",
    archivePrefix = "arXiv",
    primaryClass = "hep-ph",
    month = "12",
    year = "2021"
}

@article{Aarrestad:2021oeb,
    author = "Aarrestad, Thea and others",
    title = "{The Dark Machines Anomaly Score Challenge: Benchmark Data and Model Independent Event Classification for the Large Hadron Collider}",
    eprint = "2105.14027",
    archivePrefix = "arXiv",
    primaryClass = "hep-ph",
    reportNumber = "FERMILAB-PUB-21-285-CMS",
    doi = "10.21468/SciPostPhys.12.1.043",
    journal = "SciPost Phys.",
    volume = "12",
    number = "1",
    pages = "043",
    year = "2022"
}

@article{CMS:2020fia, 
    author = "Sirunyan, Albert M and others",
    collaboration = "CMS",
    title = "{Search for supersymmetry in proton-proton collisions at $\sqrt{s} =$ 13 TeV in events with high-momentum Z bosons and missing transverse momentum}",
    eprint = "2008.04422",
    archivePrefix = "arXiv",
    primaryClass = "hep-ex",
    reportNumber = "CMS-SUS-19-013, CERN-EP-2020-149",
    doi = "10.1007/JHEP09(2020)149",
    journal = "JHEP",
    volume = "09",
    pages = "149",
    year = "2020",
    url = {https://doi.org/10.1007%2Fjhep09%282020%29149}
}

@article{Bierlich:2022pfr,
    author = {Bierlich, Christian and Chakraborty, Smita and Desai, Nishita and Gellersen, Leif and Helenius, Ilkka and Ilten, Philip and Lönnblad, Leif and Mrenna, Stephen and Prestel, Stefan and Preuss, Christian T. and Sjöstrand, Torbjörn and Skands, Peter and Utheim, Marius and Verheyen, Rob},
    title = "{A comprehensive guide to the physics and usage of PYTHIA 8.3}",
    eprint = "2203.11601",
    archivePrefix = "arXiv",
    primaryClass = "hep-ph",
    reportNumber = "LU-TP 22-16, MCNET-22-04, FERMILAB-PUB-22-227-SCD",
    doi = "10.21468/SciPostPhysCodeb.8",
    month = "3",
    year = "2022",
}

@article{deFavereau:2013fsa,
    author = "de Favereau, J. and Delaere, C. and Demin, P. and Giammanco, A. and Lema\^\i{}tre, V. and Mertens, A. and Selvaggi, M.",
    collaboration = "DELPHES 3",
    title = "{DELPHES 3, A modular framework for fast simulation of a generic collider experiment}",
    eprint = "1307.6346",
    archivePrefix = "arXiv",
    primaryClass = "hep-ex",
    doi = "10.1007/JHEP02(2014)057",
    journal = "JHEP",
    volume = "02",
    pages = "057",
    year = "2014"
}

@article{NNPDF:2017mvq,
	author = {Richard D. Ball and Valerio Bertone and Stefano Carrazza and Luigi Del Debbio and Stefano Forte and Patrick Groth-Merrild and Alberto Guffanti and Nathan P. Hartland and Zahari Kassabov and Jos{\'{e}} I. Latorre and Emanuele R. Nocera and Juan Rojo and Luca Rottoli and Emma Slade and Maria Ubiali},    collaboration = "NNPDF",
    title = "{Parton distributions from high-precision collider data}",
    eprint = "1706.00428",
    archivePrefix = "arXiv",
    primaryClass = "hep-ph",
    reportNumber = "EDINBURGH-2017-08, NIKHEF-2017-006, OUTP-17-04P, TIF-UNIMI-2017-3, CAVENDISH-HEP-17-06, CERN-TH-2017-077, Edinburgh 2017/08,
  Nikhef/2017-006, OUTP-17-04P,TIF-UNIMI-2017-3",
    doi = "10.1140/epjc/s10052-017-5199-5",
    journal = "Eur. Phys. J. C",
    volume = "77",
    number = "10",
    pages = "663",
    year = "2017"
}

@article{Alwall:2014hca,
    author = "Alwall, J. and Frederix, R. and Frixione, S. and Hirschi, V. and Maltoni, F. and Mattelaer, O. and Shao, H. -S. and Stelzer, T. and Torrielli, P. and Zaro, M.",
    title = "{The automated computation of tree-level and next-to-leading order differential cross sections, and their matching to parton shower simulations}",
    eprint = "1405.0301",
    archivePrefix = "arXiv",
    primaryClass = "hep-ph",
    reportNumber = "CERN-PH-TH-2014-064, CP3-14-18, LPN14-066, MCNET-14-09, ZU-TH-14-14",
    doi = "10.1007/JHEP07(2014)079",
    journal = "JHEP",
    volume = "07",
    pages = "079",
    year = "2014"
}

@article{Borschensky:2014cia,
    author = {Borschensky, Christoph and Kr\"amer, Michael and Kulesza, Anna and Mangano, Michelangelo and Padhi, Sanjay and Plehn, Tilman and Portell, Xavier},
    title = "{Squark and gluino production cross sections in pp collisions at $\sqrt{s}$ = 13, 14, 33 and 100 TeV}",
    eprint = "1407.5066",
    archivePrefix = "arXiv",
    primaryClass = "hep-ph",
    reportNumber = "MS-TP-14-25, CERN-PH-TH-2014-137, TTK-14-13",
    doi = "10.1140/epjc/s10052-014-3174-y",
    journal = "Eur. Phys. J. C",
    volume = "74",
    number = "12",
    pages = "3174",
    year = "2014"
}

@software{rene_brun_2019_3895860,
  author       = {Rene Brun et al.},
  title        = {root-project/root: v6.18/02},
  month        = aug,
  year         = 2019,
  publisher    = {Zenodo},
  version      = {v6-18-02},
  doi          = {10.5281/zenodo.3895860},
  url          = {https://doi.org/10.5281/zenodo.3895860}
}

@article{Artoisenet:2012st,
    author = "Artoisenet, Pierre and Frederix, Rikkert and Mattelaer, Olivier and Rietkerk, Robbert",
    title = "{Automatic spin-entangled decays of heavy resonances in Monte Carlo simulations}",
    eprint = "1212.3460",
    archivePrefix = "arXiv",
    primaryClass = "hep-ph",
    reportNumber = "NIKHEF-2012-021, CERN-PH-TH-2012-329",
    doi = "10.1007/JHEP03(2013)015",
    journal = "JHEP",
    volume = "03",
    pages = "015",
    year = "2013"
}

@article{Hallin:2021wme,
    author = "Hallin, Anna and Isaacson, Joshua and Kasieczka, Gregor and Krause, Claudius and Nachman, Benjamin and Quadfasel, Tobias and Schlaffer, Matthias and Shih, David and Sommerhalder, Manuel",
    title = "{Classifying anomalies through outer density estimation}",
    eprint = "2109.00546",
    archivePrefix = "arXiv",
    primaryClass = "hep-ph",
    reportNumber = "EFI-20-5, FERMILAB-PUB-21-389-T",
    doi = "10.1103/PhysRevD.106.055006",
    journal = "Phys. Rev. D",
    volume = "106",
    number = "5",
    pages = "055006",
    year = "2022"
}
@misc{MAF,
  doi = {10.48550/ARXIV.1705.07057},
  
  url = {https://arxiv.org/abs/1705.07057},
  
  author = {Papamakarios, George and Pavlakou, Theo and Murray, Iain},
  
  keywords = {Machine Learning (stat.ML), Machine Learning (cs.LG), FOS: Computer and information sciences, FOS: Computer and information sciences},
  
  title = {Masked Autoregressive Flow for Density Estimation},
  
  publisher = {arXiv},
  
  year = {2017},
  
  copyright = {arXiv.org perpetual, non-exclusive license}
}

@article{MADE,
  doi = {10.48550/ARXIV.1502.03509},
  
  url = {https://arxiv.org/abs/1502.03509},
  
  author = {Germain, Mathieu and Gregor, Karol and Murray, Iain and Larochelle, Hugo},
  
  keywords = {Machine Learning (cs.LG), Neural and Evolutionary Computing (cs.NE), Machine Learning (stat.ML), FOS: Computer and information sciences, FOS: Computer and information sciences},
  
  title = {MADE: Masked Autoencoder for Distribution Estimation},
  
  publisher = {arXiv},
  
  year = {2015},
  
  copyright = {arXiv.org perpetual, non-exclusive license}
}

@article{CMS:2022vpy,
    author = {Tumasyan, Armen and others},
    collaboration = {CMS},
    title = {Search for higgsinos decaying to two Higgs bosons and missing transverse momentum in proton-proton collisions at $ \sqrt{s} $ = 13 TeV},
    eprint = {2201.04206},
    archivePrefix = {arXiv},
    primaryClass = {hep-ex},
    reportNumber = {CMS-SUS-20-004, CERN-EP-2021-214},
    doi = {10.1007/JHEP05(2022)014},
    journal = {JHEP},
    volume = {05},
    pages = {014},
    year = {2022}
}

@article{CMS:2017may,
    author = "Sirunyan, Albert M and others",
    collaboration = "CMS",
    title = "{Search for Physics Beyond the Standard Model in Events with High-Momentum Higgs Bosons and Missing Transverse Momentum in Proton-Proton Collisions at 13 TeV}",
    eprint = "1712.08501",
    archivePrefix = "arXiv",
    primaryClass = "hep-ex",
    reportNumber = "CMS-SUS-17-006, CERN-EP-2017-322",
    doi = "10.1103/PhysRevLett.120.241801",
    journal = "Phys. Rev. Lett.",
    volume = "120",
    number = "24",
    pages = "241801",
    year = "2018"
}

@article{CMS:2019csb,
    author = "Sirunyan, Albert M and others",
    collaboration = "CMS",
    title = "{Extraction and validation of a new set of CMS PYTHIA8 tunes from underlying-event measurements}",
    eprint = "1903.12179",
    archivePrefix = "arXiv",
    primaryClass = "hep-ex",
    reportNumber = "CMS-GEN-17-001, CERN-EP-2019-007",
    doi = "10.1140/epjc/s10052-019-7499-4",
    journal = "Eur. Phys. J. C",
    volume = "80",
    number = "1",
    pages = "4",
    year = "2020"
}

@article{Metodiev:2017vrx,
    author = "Metodiev, Eric M. and Nachman, Benjamin and Thaler, Jesse",
    title = "{Classification without labels: Learning from mixed samples in high energy physics}",
    eprint = "1708.02949",
    archivePrefix = "arXiv",
    primaryClass = "hep-ph",
    reportNumber = "MIT--CTP-4922",
    doi = "10.1007/JHEP10(2017)174",
    journal = "JHEP",
    volume = "10",
    pages = "174",
    year = "2017"
}

@article{Thaler:2010tr,
    author = "Thaler, Jesse and Van Tilburg, Ken",
    title = "{Identifying Boosted Objects with N-subjettiness}",
    eprint = "1011.2268",
    archivePrefix = "arXiv",
    primaryClass = "hep-ph",
    reportNumber = "MIT-CTP-4191",
    doi = "10.1007/JHEP03(2011)015",
    journal = "JHEP",
    volume = "03",
    pages = "015",
    year = "2011"
}

@techreport{ATL-PHYS-PUB-2023-008,
      title         = "{Summary Plots for Heavy Particle Searches and Long-lived
                       Particle Searches - March 2023}",
      author = "{ATLAS Collaboration}",
      institution   = "CERN",
      reportNumber  = "ATL-PHYS-PUB-2023-008",
      address       = "Geneva",
      year          = "2023",
      url           = "http://cds.cern.ch/record/2853754",
      note          = "All figures including auxiliary figures are available at
                       https://atlas.web.cern.ch/Atlas/GROUPS/PHYSICS/PUBNOTES/ATL-PHYS-PUB-2023-008",
}

@article{Kasieczka:2021xcg,
    author = "Kasieczka, Gregor and others",
    title = "{The LHC Olympics 2020 a community challenge for anomaly detection in high energy physics}",
    eprint = "2101.08320",
    archivePrefix = "arXiv",
    primaryClass = "hep-ph",
    doi = "10.1088/1361-6633/ac36b9",
    journal = "Rept. Prog. Phys.",
    volume = "84",
    number = "12",
    pages = "124201",
    year = "2021"
}

@article{Nachman:2020lpy,
    author = "Nachman, Benjamin and Shih, David",
    title = "{Anomaly Detection with Density Estimation}",
    eprint = "2001.04990",
    archivePrefix = "arXiv",
    primaryClass = "hep-ph",
    doi = "10.1103/PhysRevD.101.075042",
    journal = "Phys. Rev. D",
    volume = "101",
    pages = "075042",
    year = "2020"
}

@article{Benkendorfer:2020gek,
    author = "Benkendorfer, Kees and Pottier, Luc Le and Nachman, Benjamin",
    title = "{Simulation-assisted decorrelation for resonant anomaly detection}",
    eprint = "2009.02205",
    archivePrefix = "arXiv",
    primaryClass = "hep-ph",
    doi = "10.1103/PhysRevD.104.035003",
    journal = "Phys. Rev. D",
    volume = "104",
    number = "3",
    pages = "035003",
    year = "2021"
}

@article{Raine:2022hht,
    author = "Raine, John Andrew and Klein, Samuel and Sengupta, Debajyoti and Golling, Tobias",
    title = "{CURTAINs for your sliding window: Constructing unobserved regions by transforming adjacent intervals}",
    eprint = "2203.09470",
    archivePrefix = "arXiv",
    primaryClass = "hep-ph",
    doi = "10.3389/fdata.2023.899345",
    journal = "Front. Big Data",
    volume = "6",
    pages = "899345",
    year = "2023"
}

@article{Kasieczka:2022naq,
    author = "Kasieczka, Gregor and Mastandrea, Radha and Mikuni, Vinicius and Nachman, Benjamin and Pettee, Mariel and Shih, David",
    title = "{Anomaly detection under coordinate transformations}",
    eprint = "2209.06225",
    archivePrefix = "arXiv",
    primaryClass = "hep-ph",
    doi = "10.1103/PhysRevD.107.015009",
    journal = "Phys. Rev. D",
    volume = "107",
    number = "1",
    pages = "015009",
    year = "2023"
}

@article{Hallin:2022eoq,
    author = "Hallin, Anna and Kasieczka, Gregor and Quadfasel, Tobias and Shih, David and Sommerhalder, Manuel",
    title = "{Resonant anomaly detection without background sculpting}",
    eprint = "2210.14924",
    archivePrefix = "arXiv",
    primaryClass = "hep-ph",
    doi = "10.1103/PhysRevD.107.114012",
    journal = "Phys. Rev. D",
    volume = "107",
    number = "11",
    pages = "114012",
    year = "2023"
}

@article{Golling:2022nkl,
    author = "Golling, Tobias and Klein, Samuel and Mastandrea, Radha and Nachman, Benjamin",
    title = "{Flow-enhanced transportation for anomaly detection}",
    eprint = "2212.11285",
    archivePrefix = "arXiv",
    primaryClass = "hep-ph",
    doi = "10.1103/PhysRevD.107.096025",
    journal = "Phys. Rev. D",
    volume = "107",
    number = "9",
    pages = "096025",
    year = "2023"
}

@article{Golling:2023yjq,
    author = "Golling, Tobias and Kasieczka, Gregor and Krause, Claudius and Mastandrea, Radha and Nachman, Benjamin and Raine, John Andrew and Sengupta, Debajyoti and Shih, David and Sommerhalder, Manuel",
    title = "{The Interplay of Machine Learning--based Resonant Anomaly Detection Methods}",
    eprint = "2307.11157",
    archivePrefix = "arXiv",
    primaryClass = "hep-ph",
    month = "7",
    year = "2023"
}

@article{Collins:2018epr,
    author = "Collins, Jack H. and Howe, Kiel and Nachman, Benjamin",
    title = "{Anomaly Detection for Resonant New Physics with Machine Learning}",
    eprint = "1805.02664",
    archivePrefix = "arXiv",
    primaryClass = "hep-ph",
    reportNumber = "FERMILAB-PUB-18-180-T",
    doi = "10.1103/PhysRevLett.121.241803",
    journal = "Phys. Rev. Lett.",
    volume = "121",
    number = "24",
    pages = "241803",
    year = "2018"
}

@article{Collins:2019jip,
    author = "Collins, Jack H. and Howe, Kiel and Nachman, Benjamin",
    title = "{Extending the search for new resonances with machine learning}",
    eprint = "1902.02634",
    archivePrefix = "arXiv",
    primaryClass = "hep-ph",
    reportNumber = "FERMILAB-PUB-18-733-T",
    doi = "10.1103/PhysRevD.99.014038",
    journal = "Phys. Rev. D",
    volume = "99",
    number = "1",
    pages = "014038",
    year = "2019"
}

@article{Mullin:2019mmh,
    author = "Mullin, Anna and Nicholls, Stuart and Pacey, Holly and Parker, Michael and White, Martin and Williams, Sarah",
    title = "{Does SUSY have friends? A new approach for LHC event analysis}",
    eprint = "1912.10625",
    archivePrefix = "arXiv",
    primaryClass = "hep-ph",
    reportNumber = "ADP-20-1/T1111",
    doi = "10.1007/JHEP02(2021)160",
    journal = "JHEP",
    volume = "02",
    pages = "160",
    year = "2021"
}

@article{ATLAS:2020iwa,
    author = "Aad, Georges and others",
    collaboration = "ATLAS",
    title = "{Dijet resonance search with weak supervision using $\sqrt{s}=13$ TeV $pp$ collisions in the ATLAS detector}",
    eprint = "2005.02983",
    archivePrefix = "arXiv",
    primaryClass = "hep-ex",
    reportNumber = "CERN-EP-2020-062",
    doi = "10.1103/PhysRevLett.125.131801",
    journal = "Phys. Rev. Lett.",
    volume = "125",
    number = "13",
    pages = "131801",
    year = "2020"
}

@article{Amram:2020ykb,
    author = "Amram, Oz and Suarez, Cristina Mantilla",
    title = "{Tag N\textquoteright{} Train: a technique to train improved classifiers on unlabeled data}",
    eprint = "2002.12376",
    archivePrefix = "arXiv",
    primaryClass = "hep-ph",
    doi = "10.1007/JHEP01(2021)153",
    journal = "JHEP",
    volume = "01",
    pages = "153",
    year = "2021"
}

@article{Park:2020pak,
    author = "Park, Sang Eon and Rankin, Dylan and Udrescu, Silviu-Marian and Yunus, Mikaeel and Harris, Philip",
    title = "{Quasi Anomalous Knowledge: Searching for new physics with embedded knowledge}",
    eprint = "2011.03550",
    archivePrefix = "arXiv",
    primaryClass = "hep-ph",
    doi = "10.1007/JHEP06(2021)030",
    journal = "JHEP",
    volume = "21",
    pages = "030",
    year = "2020"
}

@article{Collins:2021nxn,
    author = "Collins, Jack H. and Mart\'\i{}n-Ramiro, Pablo and Nachman, Benjamin and Shih, David",
    title = "{Comparing weak- and unsupervised methods for resonant anomaly detection}",
    eprint = "2104.02092",
    archivePrefix = "arXiv",
    primaryClass = "hep-ph",
    doi = "10.1140/epjc/s10052-021-09389-x",
    journal = "Eur. Phys. J. C",
    volume = "81",
    number = "7",
    pages = "617",
    year = "2021"
}

@article{MANGANO2002343,
title = {Multijet matrix elements and shower evolution in hadronic collisions: Wbb+n-jets as a case study},
journal = {Nuclear Physics B},
volume = {632},
number = {1},
pages = {343-362},
year = {2002},
issn = {0550-3213},
doi = {https://doi.org/10.1016/S0550-3213(02)00249-3},
url = {https://www.sciencedirect.com/science/article/pii/S0550321302002493},
author = {Michelangelo L. Mangano and Mauro Moretti and Roberto Pittau}
}

@article{MLM2,
doi = {10.1088/1126-6708/2007/01/013},
url = {https://dx.doi.org/10.1088/1126-6708/2007/01/013},
year = {2007},
month = {jan},
publisher = {},
volume = {2007},
number = {01},
pages = {013},
author = {Michelangelo L. Mangano and  Mauro Moretti and  Fulvio Piccinini and  Michele Treccani},
title = {Matching matrix elements and shower evolution for top-pair
  production in hadronic collisions},
journal = {Journal of High Energy Physics},
abstract = {We study the matching of multijet matrix elements and shower evolution in the case of top-pair production in hadronic collisions at the Tevatron and at the LHC. We present the results of the matching algorithm implemented in the ALPGEN Monte Carlo generator, and compare them with results obtained at the parton level, and with the predictions of the MC@NLO approach. We highlight the consistency of the matching algorithm when applied to these final states, and the excellent agreement obtained with MC@NLO for most inclusive quantities. We nevertheless identify also a remarkable difference in the rapidity spectrum of the leading jet accompanying the top quark pair, and comment on the likely origin of this discrepancy.}
}
